%% This BibTeX bibliography file was created using BibDesk.
%% http://bibdesk.sourceforge.net/
%% Created for Paola Arce Azócar at 2012-07-01 11:25:59 -0400 
%% Saved with string encoding Unicode (UTF-8)


@article{koopmanetal2005,
title = {Forecasting daily variability of the S\&P 100 stock index using historical, realised and implied volatility measurements},
author = {Koopman, Siem Jan and Jungbacker, Borus and Hol, Eugenie},
year = {2005},
journal = {Journal of Empirical Finance},
volume = {12},
number = {3},
pages = {445-475},
url = {http://EconPapers.repec.org/RePEc:eee:empfin:v:12:y:2005:i:3:p:445-475}
}



@book{shephard1995,
  title={Statistical Aspects of ARCH and Stochastic Volatility},
  author={Shephard, N.},
  series={Economics discussion paper},
  url={http://books.google.com/books?id=YrghMwEACAAJ},
  year={1995},
  publisher={Nuffield College}
}


@article{baroneetal1987,
title = {Efficient Analytic Approximation of American Option Values},
author = { Barone-Adesi, Giovanni and Whaley, Robert E},
year = {1987},
journal = {Journal of Finance},
volume = {42},
number = {2},
pages = {301-20},
url = {http://EconPapers.repec.org/RePEc:bla:jfinan:v:42:y:1987:i:2:p:301-20}
}

@article{hansen+lunde2005,
  author={Asger Lunde and Peter R. Hansen},
  title={A forecast comparison of volatility models: does anything beat a GARCH(1,1)?},
  journal={Journal of Applied Econometrics},
  year=2005,
  volume={20},
  number={7},
  pages={873-889},
  month={},
  keywords={},
  url={http://ideas.repec.org/a/jae/japmet/v20y2005i7p873-889.html}
}


@article{hansen+lunde2006,
  author={Hansen, Peter Reinhard and Lunde, Asger},
  title={Consistent ranking of volatility models},
  journal={Journal of Econometrics},
  year={2006},
  volume={131},
  number={1-2},
  pages={97-121},
  month={},
  keywords={},
  url={http://ideas.repec.org/a/eee/econom/v131y2006i1-2p97-121.html}
}


@TECHREPORT{devilderetal2007,
title = {Proxies for daily volatility},
author = {De Vilder, Robin and Visser, Marcel P.},
year = {2007},
institution = {HAL},
type = {PSE Working Papers},
keywords = {volatility proxy ; realized volatility ; continuous time
embedding ; intraday periodicity},
url = {http://EconPapers.repec.org/RePEc:hal:psewpa:halshs-00588307}
}



@ARTICLE{forsberg+ghysels2007,
title = {Why Do Absolute Returns Predict Volatility So Well?},
author = {Forsberg, Lars and Ghysels, Eric},
year = {2007},
journal = {Journal of Financial Econometrics},
volume = {5},
number = {1},
pages = {31-67},
url =
{http://EconPapers.repec.org/RePEc:oup:jfinec:v:5:y:2007:i:1:p:31-67}
}




@ARTICLE{chenetal2010,
title = {Localized Realized Volatility Modeling},
author = {Chen, Ying and Karl, Hardle, Wolfgang and Pigorsch, Uta},
year = {2010},
journal = {Journal of the American Statistical Association},
volume = {105},
number = {492},
pages = {1376-1393},
url = {http://EconPapers.repec.org/RePEc:bes:jnlasa:v:105:i:492:y:2010:p:1376-1393}
}

@inproceedings{vanvaerenberghetal2006,
    author = {Van Vaerenbergh, Steven and V\'ia, Javier and Santamar\'ia, Ignacio},
    title = {A Sliding-Window Kernel {RLS} Algorithm and its Application to Nonlinear Channel Identification},
    booktitle = {IEEE International Conference on Acoustics, Speech and Signal Processing (ICASSP 2006)},
    year = {2006},
    address = {Toulouse, France},
    month = {May}
}

@MISC{dekeletal2008,
    author = {Ofer Dekel and Shai Shalev-Shwartz and Yoram Singer},
    title = {The Forgetron: a Kernel-based Perceptron on a budget},
    year = {2008}
}

@INPROCEEDINGS{crammeretal2004,
    author = {Koby Crammer and Jaz Kandola and Royal Holloway and Yoram Singer},
    title = {Online Classification on a Budget},
    booktitle = {Advances in Neural Information Processing Systems 16},
    year = {2003},
    pages = {2003},
    publisher = {MIT Press}
}


@article{cavallantietal2007,
  author    = {Giovanni Cavallanti and
               Nicol{\`o} Cesa-Bianchi and
               Claudio Gentile},
  title     = {Tracking the best hyperplane with a simple budget Perceptron},
  journal   = {Machine Learning},
  volume    = {69},
  number    = {2-3},
  year      = {2007},
  pages     = {143-167},
  ee        = {http://dx.doi.org/10.1007/s10994-007-5003-0},
  bibsource = {DBLP, http://dblp.uni-trier.de}
}


@book{vovk2005,
 author = {Vovk, Vladimir and Gammerman, Alex and Shafer, Glenn},
 title = {Algorithmic Learning in a Random World},
 year = {2005},
 isbn = {0387001522},
 publisher = {Springer-Verlag New York, Inc.},
 address = {Secaucus, NJ, USA},
}

@article{nelson1990,
author = {Nelson,Daniel B.},
title = {Stationarity and Persistence in the GARCH(1,1) Model},
journal = {Econometric Theory},
volume = {6},
issue = {03},
issn = {1469-4360},
pages = {318--334},
numpages = {17},
doi = {10.1017/S0266466600005296},
URL = {http://dx.doi.org/10.1017/S0266466600005296},
eprint = {http://journals.cambridge.org/article_S0266466600005296}
}


@article{srinivasan2009,
author = {Srinivasan, K. and Deo, Malabika and Murugesan, B.}, 
title = {An Empirical Analysis of Linear and Non-Linear Dependence of
Stock Prices and Trading Volume in Asia Pacific Stock Market},
volume = {5}, 
number = {4}, 
pages = {18-27}, 
year = {2009}, 
doi = {10.1177/097324700900500402}, 
journal = {Asia Pacific Business Review} 
}

@inproceedings{dodig2002,
author = {Gordana Dodig Crnkovic},
title = {Scientific Methods in Computer Science},
booktitle = {Conference for the Promotion of Research in IT at New
Universities and at University Colleges in Sweden},
month = {April},
year = {2002}
}


@book{granger1999,
  title={Empirical Modeling in Economics: Specification and Evaluation},
  author={Granger, C.W.J. and Harcourt, G.},
  isbn={9780521778251},
  lccn={00700407},
  url={http://books.google.cl/books?id=Lpq49TYm3MMC},
  year={1999},
  publisher={Cambridge University Press}
}

@article{arce+salinas2012,
title = {Online Ridge Regression method using sliding windows},
author = {Arce, Paola and Salinas, Luis},
year = {2012},
journal = {XXXI International Conference of the Chilean Computer
Science Society}
}

@TECHREPORT{vasilios2012,
title = {Directional forecasting in financial time series using
support vector machines: The USD/Euro exchange rate},
author = {Plakandaras, Vasilios and Papadimitriou, Theophilos and
Gogas, Periklis},
year = {2012},
institution = {Democritus University of Thrace, Department of
International Economic Relations and Development},
type = {DUTH Research Papers in Economics},
number = {5-2012},
keywords = {Machine Learning; Support Vector Machines; Exchange Rates;
Forecasting},
url = {http://EconPapers.repec.org/RePEc:ris:duthrp:2012_005}
}



@article{gavrishchaka2006,
title = {Support Vector Machine as an Efficient Framework for Stock
Market Volatility Forecasting},
author = {Gavrishchaka, Valeriy and Banerjee, Supriya},
year = {2006},
journal = {Computational Management Science},
volume = {3},
number = {2},
pages = {147-160},
url =
{http://EconPapers.repec.org/RePEc:spr:comgts:v:3:y:2006:i:2:p:147-160}
}

@TECHREPORT{shiyietal2008,
title = {Support Vector Regression Based GARCH Model with Application
to Forecasting Volatility of Financial Returns},
author = {Chen, Shiyi and Jeong, Kiho and Härdle, Wolfgang Karl},
year = {2008},
institution = {Humboldt University, Collaborative Research Center
649},
type = {SFB 649 Discussion Papers},
number = {SFB649DP2008-014},
keywords = {recurrent support vector regression; GARCH model;
volatility forecasting},
url = {http://EconPapers.repec.org/RePEc:hum:wpaper:sfb649dp2008-014}
}


@article{shiyietal2010,
title = {Forecasting volatility with support vector machine-based
GARCH model},
author = {Chen, Shiyi and Härdle, Wolfgang Karl and Jeong, Kiho},
year = {2010},
journal = {Journal of Forecasting},
volume = {29},
number = {4},
pages = {406-433},
url =
{http://EconPapers.repec.org/RePEc:jof:jforec:v:29:y:2010:i:4:p:406-433}
}



@ARTICLE{donaldsonetal1997,
title = {An artificial neural network-GARCH model for international
stock return volatility},
author = {Donaldson, R. Glen and Kamstra, Mark Jack},
year = {1997},
journal = {Journal of Empirical Finance},
volume = {4},
number = {1},
pages = {17-46},
url =
{http://EconPapers.repec.org/RePEc:eee:empfin:v:4:y:1997:i:1:p:17-46}
}


@article{wei2012,
Author = {Wei, Yu},
Title = {{Forecasting volatility of fuel oil futures in China:
GARCH-type, SV or
   realized volatility models?}},
Journal = {{Physica a-statistical mechanics and its applications}},
Year = {{2012}},
Volume = {{391}},
Number = {{22}},
Pages = {{5546-5556}},
Month = {{NOV 15}},
DOI = {{10.1016/j.physa.2011.08.071}},
ISSN = {{0378-4371}},
Unique-ID = {{ISI:000308050000026}},
   }

@article{hamidetal2004,
title = {Using neural networks for forecasting volatility of S\&P 500 Index futures prices},
author = {Hamid, Shaikh A. and Iqbal, Zahid},
year = {2004},
journal = {Journal of Business Research},
volume = {57},
number = {10},
pages = {1116-1125},
url = {http://EconPapers.repec.org/RePEc:eee:jbrese:v:57:y:2004:i:10:p:1116-1125}
}


@article{andersonetal2003,
  author={Torben G. Andersen and Tim Bollerslev and Francis X. Diebold and Paul Labys},
  title={Modeling and Forecasting Realized Volatility},
  journal={Econometrica},
  year=2003,
  volume={71},
  number={2},
  pages={579-625},
  month={March},
  keywords={},
  url={http://ideas.repec.org/a/ecm/emetrp/v71y2003i2p579-625.html}
}

@article{andersen+bollerslev1998,
  author={Andersen, Torben G and Bollerslev, Tim},
  title={Answering the Skeptics: Yes, Standard Volatility Models Do Provide Accurate Forecasts},
  journal={International Economic Review},
  year=1998,
  volume={39},
  number={4},
  pages={885-905},
  month={November},
  keywords={},
  url={http://ideas.repec.org/a/ier/iecrev/v39y1998i4p885-905.html}
}

@book{sammut2011,
  title={Encyclopedia of Machine Learning},
  author={Sammut, C. and Webb, G.I.},
  isbn={9780387307688},
  lccn={2010935441},
  series={Springer reference},
  url={http://books.google.cl/books?id=i8hQhp1a62UC},
  year={2011},
  publisher={Springer}
}


@MISC{alqaheri2008,
    author = {Hameed Al-qaheri and Aboul Ella Hassanien and Ajith Abraham},
    title = {Discovering Stock Price Prediction Rules Using Rough Sets},
    year = {2008}
}


@article{heston1993,
    author = {Steven L. Heston},
    title = {A closed-form solution for options with stochastic volatility with applications to bond and currency options},
    journal = {Review of Financial Studies},
    year = {1993},
    volume = {6},
    pages = {327--343}
}

@article{lunde+hansen2005,
  author={Asger Lunde and Peter R. Hansen},
  title={A forecast comparison of volatility models: does anything beat a GARCH(1,1)?},
  journal={Journal of Applied Econometrics},
  year=2005,
  volume={20},
  number={7},
  pages={873-889},
  month={},
  keywords={},
  url={http://ideas.repec.org/a/jae/japmet/v20y2005i7p873-889.html}
}


@article{bollerslev1986,
title = {Generalized autoregressive conditional heteroskedasticity},
author = {Bollerslev, Tim},
year = {1986},
journal = {Journal of Econometrics},
volume = {31},
number = {3},
pages = {307-327},
url =
{http://EconPapers.repec.org/RePEc:eee:econom:v:31:y:1986:i:3:p:307-327}
}

@article{engle1982,
title = {Autoregressive Conditional Heteroscedasticity with Estimates
of the Variance of United Kingdom Inflation},
author = {Engle, Robert F.},
year = {1982},
journal = {Econometrica},
volume = {50},
number = {4},
pages = {987-1007},
url =
{http://EconPapers.repec.org/RePEc:ecm:emetrp:v:50:y:1982:i:4:p:987-1007}
}


@article{black1973,
  author={Black, Fischer and Scholes, Myron S},
  title={The Pricing of Options and Corporate Liabilities},
  journal={Journal of Political Economy},
  year=1973,
  volume={81},
  number={3},
  pages={637-54},
  month={May-June},
  keywords={},
  abstract={No abstract is available for this item.},
  url={http://ideas.repec.org/a/ucp/jpolec/v81y1973i3p637-54.html}
}

@book{knight2002,
  title={Forecasting Volatility in the Financial Markets},
  author={Knight, J.L. and Satchell, S.},
  isbn={9780750655156},
  lccn={02033236},
  series={Quantitative Finance Series},
  url={http://books.google.cl/books?id=pc3K-nVn09wC},
  year={2002},
  publisher={Elsevier Science \& Tech}
}


@book{gatheral2006,
  title={The Volatility Surface: A Practitioner's Guide},
  author={Gatheral, J. and Taleb, N.N.},
  isbn={9780470068250},
  series={Wiley Finance},
  url={http://books.google.cl/books?id=9Y8rWE6mLOEC},
  year={2006},
  publisher={Wiley}
}

@article{engle1993,
     jstor_articletype = {research-article},
     title = {Statistical Models for Financial Volatility},
     author = {Engle, Robert F.},
     journal = {Financial Analysts Journal},
     jstor_issuetitle = {},
     volume = {49},
     number = {1},
     jstor_formatteddate = {Jan. - Feb., 1993},
     pages = {pp. 72-78},
     url = {http://www.jstor.org/stable/4479615},
     ISSN = {0015198X},
     language = {English},
     year = {1993},
     publisher = {CFA Institute},
     copyright = {Copyright © 1993 CFA Institute},
    }


@book{tsay2005,
  title={Analysis of Financial Time Series},
  author={Tsay, R.S.},
  isbn={9780471746188},
  lccn={2009659057},
  series={Wiley Series in Probability and Statistics},
  url={http://books.google.cl/books?id=ddL4tTLb\_08C},
  year={2005},
  publisher={Wiley}
}


@article{poon+granger2003,
  author={Ser-Huang Poon and Clive W. J. Granger},
  title={Forecasting Volatility in Financial Markets: A Review},
  journal={Journal of Economic Literature},
  year=2003,
  volume={41},
  number={2},
  pages={478-539},
  month={June},
  keywords={},
  url={http://ideas.repec.org/a/aea/jeclit/v41y2003i2p478-539.html}
}

@article{rosenblatt58,
  added-at = {2011-05-09T23:10:52.000+0200},
  author = {Rosenblatt, F.},
  biburl = {http://www.bibsonomy.org/bibtex/2596e3e046fa398946b0c5f7568f3fee5/josephausterwei},
  interhash = {dc0cef9dc06033a04f525efdcde7a660},
  intrahash = {596e3e046fa398946b0c5f7568f3fee5},
  journal = {Psychological Review},
  keywords = {imported},
  pages = {386-408},
  timestamp = {2011-05-09T23:10:52.000+0200},
  title = {The {P}erceptron: {A} probabilistic model for
  information storage and organization in the brain},
  volume = 65,
  year = 1958
}

@book{cesa-bianchi2006,
 author = {Cesa-Bianchi, Nicolo and Lugosi, Gabor},
 title = {Prediction, Learning, and Games},
 year = {2006},
 isbn = {0521841089},
 publisher = {Cambridge University Press},
 address = {New York, NY, USA},
} 


@article{crammerETall2006,
Author = {Crammer, K and Dekel, O and Keshet, J and Shalev-Shwartz, S and Singer,
   Y},
Title = {{Online passive-aggressive algorithms}},
Journal = {{Journal of Machine Learning Research}},
Year = {{2006}},
Volume = {{7}},
Pages = {{551-585}},
Month = {{MAR}},
ISSN = {{1532-4435}},
Unique-ID = {{ISI:000237359000003}},
}


@article{cesa-bianchi2005,
  author    = {Nicol{\`o} Cesa-Bianchi and
               Alex Conconi and
               Claudio Gentile},
  title     = {A Second-Order Perceptron Algorithm},
  journal   = {SIAM J. Comput.},
  volume    = {34},
  number    = {3},
  year      = {2005},
  pages     = {640-668},
  ee        = {http://dx.doi.org/10.1137/S0097539703432542},
  bibsource = {DBLP, http://dblp.uni-trier.de}
}


@INPROCEEDINGS{zhang2004,
    author = {Tong Zhang},
    title = {Solving Large Scale Linear Prediction Problems Using Stochastic Gradient Descent Algorithms},
    booktitle = {ICML 2004: Proceedings of the twenty-first international conference on Machine Learning. OMNIPRESS},
    year = {2004},
    pages = {919--926},
    publisher = {}
}

@article{vovk2001,
	Author = {Volodya Vovk},
	Date-Modified = {2012-06-29 17:18:48 -0400},
	Journal = {International Statistical Review},
	Pages = {2001},
	Title = {Competitive on-line statistics},
	Volume = {69},
	Year = {2001}}

@article{obrien1982,
	Author = {O'Brien, G. C.},
	Copyright = {Copyright {\copyright} 1982 The Mathematical Association},
	Date-Added = {2012-06-19 08:52:42 -0400},
	Date-Modified = {2012-06-19 08:53:08 -0400},
	Issn = {00255572},
	Journal = {The Mathematical Gazette},
	Jstor_Articletype = {research-article},
	Jstor_Formatteddate = {Mar., 1982},
	Language = {English},
	Number = {435},
	Pages = {pp. 50-52},
	Publisher = {The Mathematical Association},
	Title = {Approximate Matrix Inversion},
	Url = {http://www.jstor.org/stable/3617309},
	Volume = {66},
	Year = {1982},
	Bdsk-Url-1 = {http://www.jstor.org/stable/3617309}}

@inproceedings{856439,
	Author = {Suykens, J.A.K. and Lukas, L. and Vandewalle, J.},
	Booktitle = {Circuits and Systems, 2000. Proceedings. ISCAS 2000 Geneva. The 2000 IEEE International Symposium on},
	Date-Added = {2012-06-17 22:47:35 -0400},
	Date-Modified = {2012-06-17 22:47:35 -0400},
	Doi = {10.1109/ISCAS.2000.856439},
	Keywords = {cost function;least squares support vector machines;linear equations set;nonlinear function estimation;ridge regression;sorted support value spectrum;sparse approximation;sparseness;tuning parameters;least squares approximations;nonlinear functions;radial basis function networks;sparse matrices;statistical analysis;},
	Pages = {757 -760 vol.2},
	Title = {Sparse approximation using least squares support vector machines},
	Volume = {2},
	Year = {2000},
	Bdsk-Url-1 = {http://dx.doi.org/10.1109/ISCAS.2000.856439}}

@article{jiangETall2010,
	Author = {Jingqing Jiang and Chuyi Song and Haiyan Zhao and Chunguo Wu and Yanchun Liang},
	Bibsource = {DBLP, http://dblp.uni-trier.de},
	Ee = {http://dx.doi.org/10.1504/IJGCRSIS.2010.029579},
	Journal = {IJGCRSIS},
	Number = {3},
	Pages = {221-232},
	Title = {Adaptive and iterative least squares support vector regression based on quadratic Renyi entropy},
	Volume = {1},
	Year = {2010}}

@inproceedings{suykensETall2000,
	Author = {Johan A. K. Suykens and Lukas Lukas and Joos Vandewalle},
	Bibsource = {DBLP, http://dblp.uni-trier.de},
	Booktitle = {ESANN},
	Pages = {37-42},
	Title = {Sparse least squares Support Vector Machine classifiers},
	Year = {2000}}

@article{suykens+vandewalle1999,
	Author = {Suykens, JAK and Vandewalle, J},
	Issn = {{1370-4621}},
	Journal = {{NEURAL PROCESSING LETTERS}},
	Month = {{JUN}},
	Number = {{3}},
	Pages = {{293-300}},
	Title = {{Least squares support vector machine classifiers}},
	Volume = {{9}},
	Year = {{1999}}}

@inproceedings{evgeniouETal2000,
	Author = {Theodoros Evgeniou and Massimiliano Pontil and Tomaso Poggio},
	Booktitle = {Advances in Computational Mathematics},
	Pages = {1--50},
	Publisher = {MIT Press},
	Title = {Regularization networks and support vector machines},
	Year = {2000}}

@incollection{bertero1986,
	Affiliation = {Istituto Nazionale di Fisica Nucleare Dipartimento di Fisica dell'Universit{\`a} I-16146 Genova Italy},
	Author = {Bertero, M.},
	Booktitle = {Inverse Problems},
	Date-Modified = {2012-06-05 10:30:46 -0400},
	Editor = {Talenti, Giorgio},
	Isbn = {978-3-540-17193-5},
	Keyword = {Mathematics and Statistics},
	Note = {10.1007/BFb0072660},
	Pages = {52-112},
	Publisher = {Springer Berlin / Heidelberg},
	Series = {Lecture Notes in Mathematics},
	Title = {Regularization methods for linear inverse problems},
	Url = {http://dx.doi.org/10.1007/BFb0072660},
	Volume = {1225},
	Year = {1986},
	Bdsk-Url-1 = {http://dx.doi.org/10.1007/BFb0072660}}

@article{girosiETal1995,
	Author = {Girosi, F and Jones, M and Poggio, T.},
	Date-Modified = {2012-06-10 20:53:10 -0400},
	Journal = {Neural Computation},
	Pages = {219--269},
	Title = {Regularization Theory and Neural Networks Architectures},
	Volume = {7},
	Year = {1995}}

@book{scholkopfETal2001,
	Address = {Cambridge, MA, USA},
	Author = {Scholkopf, Bernhard and Smola, Alexander J.},
	Date-Modified = {2012-06-08 16:45:16 -0400},
	Isbn = {0262194759},
	Publisher = {MIT Press},
	Title = {Learning with Kernels: Support Vector Machines, Regularization, Optimization, and Beyond},
	Year = {2001}}

@book{liuETal2010,
	Author = {Liu, W and Principe, J.~C, and Haykin, S},
	Date-Modified = {2012-06-08 17:06:48 -0400},
	Edition = {1st},
	Isbn = {0470447532, 9780470447536},
	Publisher = {Wiley Publishing},
	Title = {Kernel Adaptive Filtering: A Comprehensive Introduction},
	Year = {2010}}

@article{yucheng+yubin2010,
	Address = {Los Alamitos, CA, USA},
	Author = {Liu Yucheng and Liu Yubin},
	Isbn = {978-0-7695-4077-1},
	Journal = {Intelligent Computation Technology and Automation, International Conference on},
	Pages = {529-532},
	Publisher = {IEEE Computer Society},
	Title = {Incremental Learning Method of Least Squares Support Vector Machine},
	Volume = {2},
	Year = {2010}}
