%% This BibTeX bibliography file was created using BibDesk.
%% http://bibdesk.sourceforge.net/


%% Created for Paola Arce at 2016-03-29 11:58:02 +0100 


%% Saved with string encoding Unicode (UTF-8) 



@inproceedings{tikhonov1963,
	Author = {Tikhonov, Andrey},
	Booktitle = {Soviet Math. Dokl.},
	Date-Added = {2016-03-29 10:57:53 +0000},
	Date-Modified = {2016-03-29 10:58:02 +0000},
	Pages = {1035--1038},
	Title = {Solution of incorrectly formulated problems and the regularization method},
	Volume = {5},
	Year = {1963}}

@article{phillips1962,
	Author = {Phillips, David L},
	Date-Added = {2016-03-29 10:56:47 +0000},
	Date-Modified = {2016-03-29 10:56:58 +0000},
	Journal = {Journal of the ACM (JACM)},
	Number = {1},
	Pages = {84--97},
	Publisher = {ACM},
	Title = {A technique for the numerical solution of certain integral equations of the first kind},
	Volume = {9},
	Year = {1962}}

@book{tikhonov1977,
	Author = {Tikhonov,Andrei Nikolaevich and Arsenin, Vasilii IAkovlevich},
	Publisher = {Vh Winston},
	Title = {Solutions of ill-posed problems},
	Year = {1977}}

@article{anavaetAl2013,
	Author = {Anava, Oren and Hazan, Elad and Mannor, Shie and Shamir, Ohad},
	Journal = {arXiv preprint arXiv:1302.6927},
	Title = {Online learning for time series prediction},
	Year = {2013}}

@article{littlestone1988,
	Author = {Littlestone, Nick},
	Journal = {Machine learning},
	Number = {4},
	Pages = {285--318},
	Publisher = {Springer},
	Title = {Learning quickly when irrelevant attributes abound: A new linear-threshold algorithm},
	Volume = {2},
	Year = {1988}}

@article{coleman+sun2010,
	Author = {Coleman, Thomas F. and Sun, Chunguang},
	Title = {Solving Rank-Deficient Linear-Squares Problems},
	Year = {2010}}

@article{golub1965,
	Author = {Golub, G},
	Journal = {Numerische Mathematik},
	Number = {3},
	Pages = {206--216},
	Publisher = {Springer},
	Title = {Numerical methods for solving linear least squares problems},
	Volume = {7},
	Year = {1965}}

@article{dickey1981,
	Author = {Dickey, David A and Fuller, Wayne A},
	Journal = {Econometrica: Journal of the Econometric Society},
	Pages = {1057--1072},
	Publisher = {JSTOR},
	Title = {Likelihood ratio statistics for autoregressive time series with a unit root},
	Year = {1981}}

@article{dickey1979,
	Author = {Dickey, David A and Fuller, Wayne A},
	Journal = {Journal of the American statistical association},
	Number = {366a},
	Pages = {427--431},
	Publisher = {Taylor \& Francis},
	Title = {Distribution of the estimators for autoregressive time series with a unit root},
	Volume = {74},
	Year = {1979}}

@article{hoerl1970,
	Author = {Hoerl, Arthur E and Kennard, Robert W},
	Journal = {Technometrics},
	Number = {1},
	Pages = {55--67},
	Publisher = {Taylor \& Francis Group},
	Title = {Ridge regression: Biased estimation for nonorthogonal problems},
	Volume = {12},
	Year = {1970}}

@book{blum1998,
	Author = {Blum, Avrim},
	Publisher = {Springer},
	Title = {On-line algorithms in machine learning},
	Year = {1998}}

@article{engle2004,
	Author = {Engle, Robert F and Patton, Andrew J},
	Journal = {Journal of Financial Markets},
	Number = {1},
	Pages = {1--25},
	Publisher = {Elsevier},
	Title = {Impacts of trades in an error-correction model of quote prices},
	Volume = {7},
	Year = {2004}}

@article{duy1998,
	Author = {Duy, Timothy A and Thoma, Mark A},
	Journal = {Journal of Economics and Business},
	Number = {3},
	Pages = {291--307},
	Publisher = {Elsevier},
	Title = {Modeling and forecasting cointegrated variables: some practical experience},
	Volume = {50},
	Year = {1998}}

@article{mukherjee1995,
	Author = {Mukherjee, Tarun K and Naka, Atsuyuki},
	Journal = {Journal of Financial Research},
	Number = {2},
	Pages = {223--37},
	Publisher = {Southern Finance Association \& Southwestern Finance Association},
	Title = {Dynamic relations between macroeconomic variables and the Japanese stock market: an application of a vector error correction model},
	Volume = {18},
	Year = {1995}}

@techreport{mackinnon2010,
	Author = {MacKinnon, James G},
	Institution = {Queen's Economics Department Working Paper},
	Title = {Critical values for cointegration tests},
	Year = {2010}}

@article{herlemont2003,
	Author = {Herlemont, Daniel},
	Journal = {YATS Finances \& Techonologies},
	Title = {Pairs trading, convergence trading, cointegration},
	Volume = {5},
	Year = {2003}}

@article{richards1995,
	Author = {Richards, Anthony J},
	Journal = {Journal of monetary Economics},
	Number = {3},
	Pages = {631--654},
	Publisher = {Elsevier},
	Title = {Comovements in national stock market returns: Evidence of predictability, but not cointegration},
	Volume = {36},
	Year = {1995}}

@article{dwyer1992,
	Author = {Dwyer Jr, Gerald P and Wallace, Myles S},
	Journal = {Journal of International Money and Finance},
	Number = {4},
	Pages = {318--327},
	Publisher = {Elsevier},
	Title = {Cointegration and market efficiency},
	Volume = {11},
	Year = {1992}}

@article{granger1986,
	Author = {Granger, Clive W},
	Journal = {Oxford Bulletin of economics and statistics},
	Number = {3},
	Pages = {213--228},
	Publisher = {Wiley Online Library},
	Title = {Developments in the study of cointegrated economic variables},
	Volume = {48},
	Year = {1986}}

@article{fama1970,
	Author = {Fama, Eugene F},
	Journal = {The journal of Finance},
	Number = {2},
	Pages = {383--417},
	Publisher = {Wiley Online Library},
	Title = {Efficient capital markets: A review of theory and empirical work*},
	Volume = {25},
	Year = {1970}}

@article{coleman1990,
	Author = {Coleman, Mark},
	Journal = {Economics Letters},
	Number = {1},
	Pages = {53--59},
	Publisher = {Elsevier},
	Title = {Cointegration-based tests of daily foreign exchange market efficiency},
	Volume = {32},
	Year = {1990}}

@article{copeland1991,
	Author = {Copeland, Laurence S},
	Journal = {Oxford Bulletin of Economics and Statistics},
	Number = {2},
	Pages = {185--198},
	Publisher = {Wiley Online Library},
	Title = {Cointegration tests with daily exchange rate data},
	Volume = {53},
	Year = {1991}}

@book{aldridge2009,
	Author = {Aldridge, I.},
	Isbn = {9780470579770},
	Publisher = {Wiley},
	Series = {Wiley Trading},
	Title = {High-Frequency Trading: A Practical Guide to Algorithmic Strategies and Trading Systems},
	Url = {http://books.google.com/books?id=fEXKZAAVu4oC},
	Year = {2009},
	Bdsk-Url-1 = {http://books.google.com/books?id=fEXKZAAVu4oC}}

@article{lence+falk2005,
	Author = {Lence, Sergio and Falk, Barry},
	Journal = {Journal of International Money and Finance},
	Number = {6},
	Pages = {873--890},
	Publisher = {Elsevier},
	Title = {Cointegration, market integration, and market efficiency},
	Volume = {24},
	Year = {2005}}

@article{laietAl1991,
	Author = {Lai, Kon S and Lai, Michael},
	Journal = {Journal of Futures Markets},
	Number = {5},
	Pages = {567--575},
	Publisher = {Wiley Online Library},
	Title = {A cointegration test for market efficiency},
	Volume = {11},
	Year = {1991}}

@article{stock+watson1988,
	Author = {Stock, James H and Watson, Mark W},
	Journal = {Journal of the American statistical Association},
	Number = {404},
	Pages = {1097--1107},
	Publisher = {Taylor \& Francis},
	Title = {Testing for common trends},
	Volume = {83},
	Year = {1988}}

@article{HaugetAl2000,
	Author = {Alfred A. Haug and James G. MacKinnon and Leo Michelis},
	Doi = {http://dx.doi.org/10.1016/S0261-5606(00)00013-9},
	Issn = {0261-5606},
	Journal = {Journal of International Money and Finance},
	Number = {3},
	Pages = {419 - 432},
	Title = {European Monetary Union: a cointegration analysis},
	Url = {http://www.sciencedirect.com/science/article/pii/S0261560600000139},
	Volume = {19},
	Year = {2000},
	Bdsk-Url-1 = {http://www.sciencedirect.com/science/article/pii/S0261560600000139},
	Bdsk-Url-2 = {http://dx.doi.org/10.1016/S0261-5606(00)00013-9}}

@article{arce+salinas2012,
	Address = {Los Alamitos, CA, USA},
	Author = {Paola Arce and Luis Salinas},
	Doi = {http://doi.ieeecomputersociety.org/10.1109/SCCC.2012.18},
	Issn = {1522-4902},
	Journal = {2011 30th International Conference of the Chilean Computer Science Society},
	Pages = {87-90},
	Publisher = {IEEE Computer Society},
	Title = {Online Ridge Regression Method Using Sliding Windows},
	Volume = {0},
	Year = {2012},
	Bdsk-Url-1 = {http://doi.ieeecomputersociety.org/10.1109/SCCC.2012.18}}

@book{banerjee1993,
	Author = {Banerjee, A.},
	Isbn = {9780198288107},
	Lccn = {92027344},
	Publisher = {Oxford University Press},
	Series = {Advanced texts in econometrics},
	Title = {Co-integration, Error Correction, and the Econometric Analysis of Non-stationary Data},
	Url = {http://books.google.cl/books?id=QDw6Z30\_j8AC},
	Year = {1993},
	Bdsk-Url-1 = {http://books.google.cl/books?id=QDw6Z30%5C_j8AC}}

@article{engle1987,
	Author = {Engle, Robert F and Granger, Clive WJ},
	Journal = {Econometrica: journal of the Econometric Society},
	Pages = {251--276},
	Publisher = {JSTOR},
	Title = {Co-integration and error correction: representation, estimation, and testing},
	Year = {1987}}

@book{johansen1995,
	Author = {Johansen, Soren},
	Publisher = {Oxford University Press},
	Title = {Likelihood-Based Inference in Cointegrated Vector Autoregressive Models},
	Url = {http://EconPapers.repec.org/RePEc:oxp:obooks:9780198774501},
	Year = {1995},
	Bdsk-Url-1 = {http://EconPapers.repec.org/RePEc:oxp:obooks:9780198774501}}

@article{johansen1988,
	Abstract = {No abstract is available for this item.},
	Author = {Johansen, Soren},
	Journal = {Journal of Economic Dynamics and Control},
	Number = {2-3},
	Pages = {231-254},
	Title = {{Statistical analysis of cointegration vectors}},
	Url = {http://ideas.repec.org/a/eee/dyncon/v12y1988i2-3p231-254.html},
	Volume = {12},
	Year = 1988,
	Bdsk-Url-1 = {http://ideas.repec.org/a/eee/dyncon/v12y1988i2-3p231-254.html}}

@online{Dukascopy2014,
	Author = {Dukascopy},
	Title = {Dukascopy historical data feed},
	Url = {https://www.dukascopy.com},
	Year = {2014},
	Bdsk-Url-1 = {https://www.dukascopy.com}}

@inproceedings{crammeretal2004,
	Author = {Koby Crammer and Jaz Kandola and Royal Holloway and Yoram Singer},
	Booktitle = {Advances in Neural Information Processing Systems 16},
	Pages = {2003},
	Publisher = {MIT Press},
	Title = {Online Classification on a Budget},
	Year = {2003}}

@article{rosenblatt58,
	Added-At = {2011-05-09T23:10:52.000+0200},
	Author = {Rosenblatt, F.},
	Biburl = {http://www.bibsonomy.org/bibtex/2596e3e046fa398946b0c5f7568f3fee5/josephausterwei},
	Interhash = {dc0cef9dc06033a04f525efdcde7a660},
	Intrahash = {596e3e046fa398946b0c5f7568f3fee5},
	Journal = {Psychological Review},
	Keywords = {imported},
	Pages = {386-408},
	Timestamp = {2011-05-09T23:10:52.000+0200},
	Title = {The {P}erceptron: {A} probabilistic model for information storage and organization in the brain},
	Volume = 65,
	Year = 1958}

@book{cesa-bianchi2006,
	Address = {New York, NY, USA},
	Author = {Cesa-Bianchi, Nicolo and Lugosi, Gabor},
	Isbn = {0521841089},
	Publisher = {Cambridge University Press},
	Title = {Prediction, Learning, and Games},
	Year = {2006}}

@article{crammerETall2006,
	Author = {Crammer, K and Dekel, O and Keshet, J and Shalev-Shwartz, S and Singer, Y},
	Issn = {{1532-4435}},
	Journal = {{Journal of Machine Learning Research}},
	Month = {{MAR}},
	Pages = {{551-585}},
	Title = {{Online passive-aggressive algorithms}},
	Unique-Id = {{ISI:000237359000003}},
	Volume = {{7}},
	Year = {{2006}}}

@article{cesa-bianchi2005,
	Author = {Nicol{\`o} Cesa-Bianchi and Alex Conconi and Claudio Gentile},
	Bibsource = {DBLP, http://dblp.uni-trier.de},
	Ee = {http://dx.doi.org/10.1137/S0097539703432542},
	Journal = {SIAM J. Comput.},
	Number = {3},
	Pages = {640-668},
	Title = {A Second-Order Perceptron Algorithm},
	Volume = {34},
	Year = {2005}}

@inproceedings{zhang2004,
	Author = {Tong Zhang},
	Booktitle = {ICML 2004: Proceedings of the twenty-first international conference on Machine Learning. OMNIPRESS},
	Pages = {919--926},
	Title = {Solving Large Scale Linear Prediction Problems Using Stochastic Gradient Descent Algorithms},
	Year = {2004}}

@article{vovk2001,
	Author = {Volodya Vovk},
	Date-Modified = {2012-06-29 17:18:48 -0400},
	Journal = {International Statistical Review},
	Pages = {2001},
	Title = {Competitive on-line statistics},
	Volume = {69},
	Year = {2001}}
