
@article{engle2004,
  title={Impacts of trades in an error-correction model of quote prices},
  author={Engle, Robert F and Patton, Andrew J},
  journal={Journal of Financial Markets},
  volume={7},
  number={1},
  pages={1--25},
  year={2004},
  publisher={Elsevier}
}


@article{mukherjee1995,
  title={Dynamic relations between macroeconomic variables and the Japanese stock market: an application of a vector error correction model},
  author={Mukherjee, Tarun K and Naka, Atsuyuki},
  journal={Journal of Financial Research},
  volume={18},
  number={2},
  pages={223--37},
  year={1995},
  publisher={Southern Finance Association \& Southwestern Finance Association}
}

@article{herlemont2003,
  title={Pairs trading, convergence trading, cointegration},
  author={Herlemont, Daniel},
  journal={YATS Finances \& Techonologies},
  volume={5},
  year={2003}
}

@article{duy1998,
  title={Modeling and forecasting cointegrated variables: some practical experience},
  author={Duy, Timothy A and Thoma, Mark A},
  journal={Journal of Economics and Business},
  volume={50},
  number={3},
  pages={291--307},
  year={1998},
  publisher={Elsevier}
}

@article{arce+salinas2012,
author = {Paola Arce and Luis Salinas},
title = {Online Ridge Regression Method Using Sliding Windows},
journal ={2011 30th International Conference of the Chilean Computer Science
Society},
volume = {0},
issn = {1522-4902},
year = {2012},
pages = {87-90},
doi = {http://doi.ieeecomputersociety.org/10.1109/SCCC.2012.18},
publisher = {IEEE Computer Society},
address = {Los Alamitos, CA, USA},
}


@book{banerjee1993,
  title={Co-integration, Error Correction, and the Econometric Analysis of Non-stationary Data},
  author={Banerjee, A.},
  isbn={9780198288107},
  lccn={92027344},
  series={Advanced texts in econometrics},
  url={http://books.google.cl/books?id=QDw6Z30\_j8AC},
  year={1993},
  publisher={Oxford University Press}
}


@article{engle87,
    author = {Engle, Robert F. and Granger, C. W. J.},
    citeulike-article-id = {1303807},
    citeulike-linkout-0 = {http://dx.doi.org/10.2307/1913236},
    citeulike-linkout-1 = {http://www.jstor.org/stable/1913236},
    doi = {10.2307/1913236},
    issn = {00129682},
    journal = {Econometrica},
    keywords = {cointegration, granger},
    month = mar,
    number = {2},
    pages = {251--276},
    posted-at = {2009-06-02 12:31:57},
    priority = {2},
    publisher = {The Econometric Society},
    title = {{Co-Integration and Error Correction: Representation, Estimation, and Testing}},
    url = {http://dx.doi.org/10.2307/1913236},
    volume = {55},
    year = {1987}
}


@book{johansen1995,
title = {Likelihood-Based Inference in Cointegrated Vector Autoregressive
Models},
author = {Johansen, Soren},
year = {1995},
publisher = {Oxford University Press},
url = {http://EconPapers.repec.org/RePEc:oxp:obooks:9780198774501}
}


@article{johansen1988,
  author={Johansen, Soren},
  title={{Statistical analysis of cointegration vectors}},
  journal={Journal of Economic Dynamics and Control},
  year=1988,
  volume={12},
  number={2-3},
  pages={231-254},
  month={},
  keywords={},
  abstract={No abstract is available for this item.},
  url={http://ideas.repec.org/a/eee/dyncon/v12y1988i2-3p231-254.html}
}


@ONLINE{Dukascopy2014,
author = {Dukascopy},
title = {Dukascopy historical data feed},
year = {2014},
url = {https://www.dukascopy.com}
}

@INPROCEEDINGS{crammeretal2004,
    author = {Koby Crammer and Jaz Kandola and Royal Holloway and Yoram Singer},
    title = {Online Classification on a Budget},
    booktitle = {Advances in Neural Information Processing Systems 16},
    year = {2003},
    pages = {2003},
    publisher = {MIT Press}
}


@article{rosenblatt58,
  added-at = {2011-05-09T23:10:52.000+0200},
  author = {Rosenblatt, F.},
  biburl = {http://www.bibsonomy.org/bibtex/2596e3e046fa398946b0c5f7568f3fee5/josephausterwei},
  interhash = {dc0cef9dc06033a04f525efdcde7a660},
  intrahash = {596e3e046fa398946b0c5f7568f3fee5},
  journal = {Psychological Review},
  keywords = {imported},
  pages = {386-408},
  timestamp = {2011-05-09T23:10:52.000+0200},
  title = {The {P}erceptron: {A} probabilistic model for
  information storage and organization in the brain},
  volume = 65,
  year = 1958
}


@book{cesa-bianchi2006,
 author = {Cesa-Bianchi, Nicolo and Lugosi, Gabor},
 title = {Prediction, Learning, and Games},
 year = {2006},
 isbn = {0521841089},
 publisher = {Cambridge University Press},
 address = {New York, NY, USA},
} 


@article{crammerETall2006,
Author = {Crammer, K and Dekel, O and Keshet, J and Shalev-Shwartz, S and Singer,
   Y},
Title = {{Online passive-aggressive algorithms}},
Journal = {{Journal of Machine Learning Research}},
Year = {{2006}},
Volume = {{7}},
Pages = {{551-585}},
Month = {{MAR}},
ISSN = {{1532-4435}},
Unique-ID = {{ISI:000237359000003}},
}


@article{cesa-bianchi2005,
  author    = {Nicol{\`o} Cesa-Bianchi and
               Alex Conconi and
               Claudio Gentile},
  title     = {A Second-Order Perceptron Algorithm},
  journal   = {SIAM J. Comput.},
  volume    = {34},
  number    = {3},
  year      = {2005},
  pages     = {640-668},
  ee        = {http://dx.doi.org/10.1137/S0097539703432542},
  bibsource = {DBLP, http://dblp.uni-trier.de}
}


@INPROCEEDINGS{zhang2004,
    author = {Tong Zhang},
    title = {Solving Large Scale Linear Prediction Problems Using Stochastic Gradient Descent Algorithms},
    booktitle = {ICML 2004: Proceedings of the twenty-first
    international conference on Machine Learning. OMNIPRESS},
    year = {2004},
    pages = {919--926},
    publisher = {}
}


@article{vovk2001,
	Author = {Volodya Vovk},
	Date-Modified = {2012-06-29 17:18:48 -0400},
	Journal = {International Statistical Review},
	Pages = {2001},
	Title = {Competitive on-line statistics},
	Volume = {69},
	Year = {2001}}


